@article{DSM,
  title={Distributed shared memory: A survey of issues and algorithms},
  author={Nitzberg, Bill and Lo, Virginia},
  journal={Computer},
  volume={24},
  number={8},
  pages={52--60},
  year={1991},
  publisher={IEEE}
}

@inproceedings{icde/ChomickiGGL03,
  author    = {Jan Chomicki and
               Parke Godfrey and
               Jarek Gryz and
               Dongming Liang},
  title     = {Skyline with Presorting},
  booktitle = {ICDE},
  year      = {2003},
  pages     = {717-719},
}

@inproceedings{maneewongvatana1999s,
  title={It¡¯s okay to be skinny, if your friends are fat},
  author={Maneewongvatana, Songrit and Mount, David M},
  booktitle={Center for Geometric Computing 4th Annual Workshop on Computational Geometry},
  volume={2},
  year={1999}
}

@inproceedings{pei2007,
  title={Probabilistic skylines on uncertain data},
  author={Pei, Jian and Jiang, Bin and Lin, Xuemin and Yuan, Yidong},
  booktitle={Proceedings of the 33rd international conference on Very large data bases},
  pages={15--26},
  year={2007},
  organization={VLDB Endowment}
}

@inproceedings{atallah2009,
  title={Computing all skyline probabilities for uncertain data},
  author={Atallah, Mikhail J and Qi, Yinian},
  booktitle={Proceedings of the twenty-eighth ACM SIGMOD-SIGACT-SIGART symposium on Principles of database systems},
  pages={279--287},
  year={2009},
  organization={ACM}
}

@article{kd,
  title={Multidimensional binary search trees used for associative searching},
  author={Bentley, Jon Louis},
  journal={Communications of the ACM},
  volume={18},
  number={9},
  pages={509--517},
  year={1975},
  publisher={ACM}
}

@article{ding2012,
  title={Efficient and progressive algorithms for distributed skyline queries over uncertain data},
  author={Ding, Xiaofeng and Jin, Hai},
  journal={Knowledge and Data Engineering, IEEE Transactions on},
  volume={24},
  number={8},
  pages={1448--1462},
  year={2012},
  publisher={IEEE}
}
@inproceedings{bohm2009,
  title={Probabilistic skyline queries},
  author={B{\"o}hm, Christian and Fiedler, Frank and Oswald, Annahita and Plant, Claudia and Wackersreuther, Bianca},
  booktitle={Proceedings of the 18th ACM conference on Information and knowledge management},
  pages={651--660},
  year={2009},
  organization={ACM}
}
@article{kim2011,
  title={Computing Exact Skyline Probabilities for Uncertain Databases},
  author={Kim, Dongwon and Im, Hyeonseung and Park, Sungwoo},
  year={2011},
  publisher={IEEE}
}
@inproceedings{cormode2009semantics,
  title={Semantics of ranking queries for probabilistic data and expected ranks},
  author={Cormode, Graham and Li, Feifei and Yi, Ke},
  booktitle={Data Engineering, 2009. ICDE'09. IEEE 25th International Conference on},
  pages={305--316},
  year={2009},
  organization={IEEE}
}

@inproceedings{ref:SkylineOperator,
  author    = {Stephan B{\"o}rzs{\"o}nyi and
               Donald Kossmann and
               Konrad Stocker},
  title     = {{The Skyline Operator}},
  booktitle = {ICDE},
  year      = {2001},
  pages     = {421-430},
}

@inproceedings{ref:SkylineBitmap,
  author    = {Kian-Lee Tan and
               Pin-Kwang Eng and
               Beng Chin Ooi},
  title     = {{Efficient Progressive Skyline Computation}},
  booktitle = {VLDB},
  year      = {2001},
  pages     = {301-310},
}

@inproceedings{ref:SkylineNN,
  author    = {Donald Kossmann and
               Frank Ramsak and
               Steffen Rost},
  title     = {{Shooting Stars in the Sky: An Online Algorithm for Skyline Queries}},
  booktitle = {VLDB},
  year      = {2002},
  pages     = {275-286},
}



@article{ref:SkylineBBS,
  author    = {Dimitris Papadias and
               Yufei Tao and
               Greg Fu and
               Bernhard Seeger},
  title     = {{Progressive skyline computation in database systems}},
  journal   = {ACM Trans. Database Syst.},
  volume    = {30},
  number    = {1},
  year      = {2005},
  pages     = {41-82},
}

@inproceedings{ref:SkylineLS,
  author    = {Michael D. Morse and
               Jignesh M. Patel and
               H. V. Jagadish},
  title     = {{Efficient Skyline Computation over Low-Cardinality Domains}},
  booktitle = {VLDB},
  year      = {2007},
  pages     = {267-278},
}

@inproceedings{ref:SkylineZSearch,
  author    = {Ken C. K. Lee and
               Baihua Zheng and
               Huajing Li and
               Wang-Chien Lee},
  title     = {{Approaching the Skyline in Z Order}},
  booktitle = {VLDB},
  year      = {2007},
  pages     = {279-290},
}

@inproceedings{ref:SkylineSFS,
  author    = {Jan Chomicki and
               Parke Godfrey and
               Jarek Gryz and
               Dongming Liang},
  title     = {{Skyline with Presorting}},
  booktitle = {ICDE},
  year      = {2003},
  pages     = {717-719},
}

@article{ref:SkylineSaLSa,
  author    = {Ilaria Bartolini and
               Paolo Ciaccia and
               Marco Patella},
  title     = {{Efficient sort-based skyline evaluation}},
  journal   = {ACM Trans. Database Syst.},
  volume    = {33},
  number    = {4},
  year      = {2008},
}

@article{ref:SkylineSurvey,
  author    = {Katja Hose and
               Akrivi Vlachou},
  title     = {{A survey of skyline processing in highly distributed environments}},
  journal   = {VLDB J.},
  volume    = {21},
  number    = {3},
  year      = {2012},
  pages     = {359-384},
}

@inproceedings{ref:SkylineOSP,
  author    = {Shiming Zhang and
               Nikos Mamoulis and
               David W. Cheung},
  title     = {{Scalable skyline computation using object-based space partitioning}},
  booktitle = {SIGMOD Conference},
  year      = {2009},
  pages     = {483-494},
}

@article{ref:VSkyline,
  author    = {Sung-Ryoung Cho and
               Jongwuk Lee and
               Seung-won Hwang and
               Hwansoo Han and
               Sang-Won Lee},
  title     = {{VSkyline: vectorization for efficient skyline computation}},
  journal   = {SIGMOD Record},
  volume    = {39},
  number    = {2},
  year      = {2010},
  pages     = {19-26},
}

@inproceedings{ref:SkylineQueries,
  author    = {Foto N. Afrati and
               Paraschos Koutris and
               Dan Suciu and
               Jeffrey D. Ullman},
  title     = {{Parallel skyline queries}},
  booktitle = {ICDT},
  year      = {2012},
  pages     = {274-284},
}

@inproceedings{ref:SkylineMulticore,
  author    = {Sungwoo Park and
               Taekyung Kim and
               Jonghyun Park and
               Jinha Kim and
               Hyeonseung Im},
  title     = {{Parallel Skyline Computation on Multicore Architectures}},
  booktitle = {ICDE},
  year      = {2009},
  pages     = {760-771},
}

@inproceedings{ref:AngularPartition,
  author    = {Akrivi Vlachou and
               Christos Doulkeridis and
               Yannis Kotidis},
  title     = {{Angle-based space partitioning for efficient parallel skyline computation}},
  booktitle = {SIGMOD Conference},
  year      = {2008},
  pages     = {227-238},
}

@inproceedings{ref:Hyperplane,
  author    = {Henning K{\"o}hler and
               Jing Yang and
               Xiaofang Zhou},
  title     = {{Efficient parallel skyline processing using hyperplane projections}},
  booktitle = {SIGMOD Conference},
  year      = {2011},
  pages     = {85-96},
}

@inproceedings{ref:SkylineP2P,
  author    = {Shiyuan Wang and
               Beng Chin Ooi and
               Anthony K. H. Tung and
               Lizhen Xu},
  title     = {{Efficient Skyline Query Processing on Peer-to-Peer Networks}},
  booktitle = {ICDE},
  year      = {2007},
  pages     = {1126-1135},
}

@inproceedings{ref:SkylineDistributed,
  author    = {Ping Wu and
               Caijie Zhang and
               Ying Feng and
               Ben Y. Zhao and
               Divyakant Agrawal and
               Amr {El Abbadi}},
  title     = {{Parallelizing Skyline Queries for Scalable Distribution}},
  booktitle = {EDBT},
  year      = {2006},
  pages     = {112-130},
}

@inproceedings{ref:SkylineFiltering,
  author    = {Bin Cui and
               Hua Lu and
               Quanqing Xu and
               Lijiang Chen and
               Yafei Dai and
               Yongluan Zhou},
  title     = {{Parallel Distributed Processing of Constrained Skyline Queries by Filtering}},
  booktitle = {ICDE},
  year      = {2008},
  pages     = {546-555},
}

@inproceedings{ref:SinglePointFiltering,
  author    = {Zhiyong Huang and
               Christian S. Jensen and
               Hua Lu and
               Beng Chin Ooi},
  title     = {{Skyline Queries Against Mobile Lightweight Devices in MANETs}},
  booktitle = {ICDE},
  year      = {2006},
  pages     = {66},
}

@inproceedings{ref:RandomPartition,
  author    = {Adan Cosgaya-Lozano and
               Andrew Rau-Chaplin and
               Norbert Zeh},
  title     = {{Parallel Computation of Skyline Queries}},
  booktitle = {HPCS},
  year      = {2007},
  pages     = {12},
}

@article{ref:KNNMapReduce,
  author    = {Wei Lu and
               Yanyan Shen and
               Su Chen and
               Beng Chin Ooi},
  title     = {{Efficient Processing of k Nearest Neighbor Joins using MapReduce}},
  journal   = {PVLDB},
  volume    = {5},
  number    = {10},
  year      = {2012},
  pages     = {1016-1027},
}

@inproceedings{ref:KNNJoin,
  author    = {Chi Zhang and
               Feifei Li and
               Jeffrey Jestes},
  title     = {{Efficient parallel kNN joins for large data in MapReduce}},
  booktitle = {EDBT},
  year      = {2012},
  pages     = {38-49},
}

@inproceedings{ref:SetSimilarity,
  author    = {Rares Vernica and
               Michael J. Carey and
               Chen Li},
  title     = {{Efficient parallel set-similarity joins using MapReduce}},
  booktitle = {SIGMOD Conference},
  year      = {2010},
  pages     = {495-506},
}

@inproceedings{ref:ThetaJoins,
  author    = {Alper Okcan and
               Mirek Riedewald},
  title     = {{Processing theta-joins using MapReduce}},
  booktitle = {SIGMOD Conference},
  year      = {2011},
  pages     = {949-960},
}

@article{ref:MapReduce,
 author = {Dean, Jeffrey and Ghemawat, Sanjay},
 title = {{MapReduce: simplified data processing on large clusters}},
 journal = {Commun. ACM},
 issue_date = {January 2008},
 volume = {51},
 number = {1},
 month = jan,
 year = {2008},
 issn = {0001-0782},
 pages = {107--113},
 numpages = {7},
 publisher = {ACM},
 address = {New York, NY, USA},
}

@Book{ref:facebook,
 author    = {Facebook, Inc},
 publisher = {United States Securities and Exchange Commission},
 title     = {{Form S-1}},
 year      = {February 1, 2012},
 address   = {Washington, D.C.},
}

@inproceedings{ref:FacebookStorage,
 author = {Beaver, Doug and Kumar, Sanjeev and Li, Harry C. and Sobel, Jason and Vajgel, Peter},
 title = {{Finding a needle in Haystack: facebook's photo storage}},
 booktitle = {Proceedings of the 9th USENIX conference on Operating systems design and implementation},
 series = {OSDI'10},
 year = {2010},
 pages = {1--8},
 numpages = {8},
 publisher = {USENIX Association},
}

@misc{ref:walmart,
  title = {{Big Data Meets Big Data Analytics}},
  howpublished ={\url{http://www.sas.com/resources/whitepaper/wp_46345.pdf}},
}

@misc{ref:akamai,
  title = {{Akamai Improves Ad Targeting Through Faster Analytics}},
  howpublished ={\url{http://www.asterdata.com/resources/assets/cs_Aster_Data_4.0_Akamai.pdf}},
}

@misc{ref:hadoop,
  title = {{Apache Hadoop}},
  howpublished ={\url{http://hadoop.apache.org}},
}
